@INPROCEEDINGS{9050061,
author={Mobini, Majid and Ghaderi, Foad},
booktitle={2020 25th International Computer Conference, Computer Society of Iran (CSICC)},
title={StarGAN Based Facial Expression Transfer for Anime Characters},
year={2020},
volume={},
number={},
pages={1-5},
doi={10.1109/CSICC49403.2020.9050061}
}

@misc{annotated-diffusion,
author = {Rogge, Niels and Rasul, Kashif},
title = {The Annotated Diffusion Model},
howpublished = {Huggingface},
month = {June 7},
year = {2022},
url = {https://huggingface.co/blog/annotated-diffusion},
note = {Accessed 2023/02/20}
}

@misc{waifu-diffusion,
author = {hakurei},
title = {waifu-diffusion v1.4 - Diffusion for Weebs },
howpublished = {Huggingface},
url = {https://huggingface.co/hakurei/waifu-diffusion},
note = {Accessed 2023/02/20}
}

@misc{danbooru2021,    author = {Anonymous and Danbooru community and Gwern Branwen},    title = {Danbooru2021: A Large-Scale Crowdsourced and Tagged Anime Illustration Dataset},    howpublished = {\url{https://gwern.net/danbooru2021}},    url = {https://gwern.net/danbooru2021},    type = {dataset},    year = {2022},    month = {January},    timestamp = {2022-01-21},    note = {Accessed: 2023/02/20} }
