@INPROCEEDINGS{9050061,
author={Mobini, Majid and Ghaderi, Foad},
booktitle={2020 25th International Computer Conference, Computer Society of Iran (CSICC)},
title={StarGAN Based Facial Expression Transfer for Anime Characters},
year={2020},
volume={},
number={},
pages={1-5},
doi={10.1109/CSICC49403.2020.9050061}
}

@misc{annotated-diffusion,
author = {Rogge, Niels and Rasul, Kashif},
title = {The Annotated Diffusion Model},
howpublished = {Huggingface},
month = {June 7},
year = {2022},
url = {https://huggingface.co/blog/annotated-diffusion},
note = {Accessed 2023/02/20}
}

@misc{waifu-diffusion,
author = {hakurei},
title = {waifu-diffusion v1.4 - Diffusion for Weebs },
howpublished = {Huggingface},
url = {https://huggingface.co/hakurei/waifu-diffusion},
note = {Accessed 2023/02/20}
}

@misc{danbooru2021,    author = {Anonymous and Danbooru community and Gwern Branwen},    title = {Danbooru2021: A Large-Scale Crowdsourced and Tagged Anime Illustration Dataset},    howpublished = {\url{https://gwern.net/danbooru2021}},    url = {https://gwern.net/danbooru2021},    type = {dataset},    year = {2022},    month = {January},    timestamp = {2022-01-21},    note = {Accessed: 2023/02/20} }

@article{DBLP:journals/corr/abs-1801-00055,
  author    = {Aliaksandr Siarohin and
               Enver Sangineto and
               St{\'{e}}phane Lathuili{\`{e}}re and
               Nicu Sebe},
  title     = {Deformable GANs for Pose-based Human Image Generation},
  journal   = {CoRR},
  volume    = {abs/1801.00055},
  year      = {2018},
  url       = {http://arxiv.org/abs/1801.00055},
  eprinttype = {arXiv},
  eprint    = {1801.00055},
  timestamp = {Mon, 13 Aug 2018 16:49:07 +0200},
  biburl    = {https://dblp.org/rec/journals/corr/abs-1801-00055.bib},
  bibsource = {dblp computer science bibliography, https://dblp.org}
}

@misc{ren2022neural,
      title={Neural Texture Extraction and Distribution for Controllable Person Image Synthesis},
      author={Yurui Ren and Xiaoqing Fan and Ge Li and Shan Liu and Thomas H. Li},
      year={2022},
      eprint={2204.06160},
      archivePrefix={arXiv},
      primaryClass={cs.CV}
}

@misc{liu2022dynast,
      title={DynaST: Dynamic Sparse Transformer for Exemplar-Guided Image Generation},
      author={Songhua Liu and Jingwen Ye and Sucheng Ren and Xinchao Wang},
      year={2022},
      eprint={2207.06124},
      archivePrefix={arXiv},
      primaryClass={cs.CV}
}

@misc{zhou2022cross,
      title={Cross Attention Based Style Distribution for Controllable Person Image Synthesis},
      author={Xinyue Zhou and Mingyu Yin and Xinyuan Chen and Li Sun and Changxin Gao and Qingli Li},
      year={2022},
      eprint={2208.00712},
      archivePrefix={arXiv},
      primaryClass={cs.CV}
}

@misc{gatys2015neural,
      title={A Neural Algorithm of Artistic Style},
      author={Leon A. Gatys and Alexander S. Ecker and Matthias Bethge},
      year={2015},
      eprint={1508.06576},
      archivePrefix={arXiv},
      primaryClass={cs.CV}
}

@misc{kim2023refining,
      title={Refining Generative Process with Discriminator Guidance in Score-based Diffusion Models},
      author={Dongjun Kim and Yeongmin Kim and Se Jung Kwon and Wanmo Kang and Il-Chul Moon},
      year={2023},
      eprint={2211.17091},
      archivePrefix={arXiv},
      primaryClass={cs.CV}
}

@dataset{danbooru2020small,
title = {Anime Art [Danbooru 2020 Small]},
author = {Taylor Mcnally},
url = {https://www.kaggle.com/datasets/muoncollider/danbooru2020small},
year  = {2020},
}

@conference{stable-diffusion,
title = {High-Resolution Image Synthesis with Latent Diffusion Models},
author = {Robin Rombach and Andreas Blattmann and Dominik Lorenz and Patrick Esser and BjÃ¶rn Ommer},
url = {https://github.com/CompVis/latent-diffusionhttps://arxiv.org/abs/2112.10752},
year  = {2022},
booktitle = {Proceedings of the IEEE Conference on Computer Vision and Pattern Recognition (CVPR)},
}

@misc{zhang2023adding,
      title={Adding Conditional Control to Text-to-Image Diffusion Models},
      author={Lvmin Zhang and Maneesh Agrawala},
      year={2023},
      eprint={2302.05543},
      archivePrefix={arXiv},
      primaryClass={cs.CV}
}
